<?xml version="1.0" encoding="UTF-8" ?>
<record Numero="13915602" format="InterXMarc_Complet" type="Authority">
<leader>00511c1 au22000272  45  <Pos Code="0004">00511</Pos>
<Pos Code="05" Sens="notice modifiée">c</Pos>
<Pos Code="06" Sens="notice validée en catalogage courant">1</Pos>
<Pos Code="08" Sens="notice d&apos;autorité">a</Pos>
<Pos Code="09" Sens="titre uniforme musical (TUM)">u</Pos>
<Pos Code="10">2</Pos>
<Pos Code="11">2</Pos>
<Pos Code="1216">00027</Pos>
<Pos Code="17" Sens="autres cas">2</Pos>
<Pos Code="20">4</Pos>
<Pos Code="21">5</Pos>
</leader>
<controlfield tag="001">FRBNF139156025<Pos Code="0001">FR</Pos>
<Pos Code="0204">BNF</Pos>
<Pos Code="0512">13915602</Pos>
<Pos Code="13">5</Pos>
</controlfield>
<controlfield tag="008">890821140717yy    co        1970      ....                   010 <Pos Code="0001">89</Pos>
<Pos Code="0203">08</Pos>
<Pos Code="0405">21</Pos>
<Pos Code="0607">14</Pos>
<Pos Code="0809">07</Pos>
<Pos Code="1011">17</Pos>
<Pos Code="1213" Sens="ne s&apos;applique pas">yy</Pos>
<Pos Code="1820" Sens="concerto">co </Pos>
<Pos Code="2831">1970</Pos>
<Pos Code="3841">....</Pos>
<Pos Code="61" Sens="La vedette peut être liée à une notice bibliographique pour les accès signalétiques et/ou pour l&apos;accès matière RAMEAU">0</Pos>
<Pos Code="62" Sens="La vedette ne peut s&apos;employer qu&apos;en tête de vedette">1</Pos>
<Pos Code="63" Sens="La vedette n&apos;admet pas de subdivision géographique">0</Pos>
</controlfield>
<datafield tag="048" ind1=" " ind2=" ">
	<subfield code="a">ob01<Pos Code="0001" Sens="orchestre - orchestre de chambre">ob</Pos>
<Pos Code="02">0</Pos>
<Pos Code="03">1</Pos>
</subfield>
</datafield>
<datafield tag="100" ind1=" " ind2=" ">
	<subfield code="3">13896652</subfield>
	<subfield code="w">.0..b.....</subfield>
	<subfield code="a">Ligeti</subfield>
	<subfield code="m">György</subfield>
	<subfield code="d">1923-2006</subfield>
</datafield>
<datafield tag="144" ind1="1" ind2=" ">
	<subfield code="w">    b ger </subfield>
	<subfield code="a">Kammerkonzert</subfield>
</datafield>
<datafield tag="444" ind1="1" ind2=" ">
	<subfield code="w">....b.fre.</subfield>
	<subfield code="a">Concerto de chambre</subfield>
</datafield>
<datafield tag="444" ind1="1" ind2=" ">
	<subfield code="w">    b eng </subfield>
	<subfield code="a">Chamber concerto</subfield>
</datafield>
<datafield tag="600" ind1=" " ind2=" ">
	<subfield code="a">Pour 13 instrumentistes</subfield>
	<subfield code="a">Dédicace à l&apos;ensemble die Reihe et son chef Friedrich Cerha</subfield>
</datafield>
<datafield tag="600" ind1=" " ind2=" ">
	<subfield code="a">Date de composition : 1970</subfield>
</datafield>
<datafield tag="610" ind1=" " ind2=" ">
	<subfield code="a">Grove music online</subfield>
	<subfield code="u">http://www.oxfordmusiconline.com/</subfield>
	<subfield code="d">2014-07-17</subfield>
</datafield>
<datafield tag="917" ind1=" " ind2=" ">
	<subfield code="o">OPC</subfield>
	<subfield code="a">100449900</subfield>
</datafield>
<Alter Ori="13896652">
<datafield tag="400" ind1=" " ind2=" ">
	<subfield code="w">....b.....</subfield>
	<subfield code="a">Ligeti</subfield>
	<subfield code="m">György Sándor</subfield>
	<subfield code="d">1923-2006</subfield>
</datafield>
<datafield tag="031" ind1=" " ind2=" ">
	<subfield code="a">0000000121358907</subfield>
	<subfield code="2" Sens="ISNI chargé à partir de VIAF">VIAF</subfield>
	<subfield code="d">20130731<Pos Code="0003">2013</Pos>
<Pos Code="0407" Sens="31 juillet">0731</Pos>
</subfield>
</datafield>
</Alter>
<Attr Nom="IDPerenne">ark:/12148/cb13915602w</Attr>
<Attr Nom="NumSource">OPC 100449900</Attr>
<Attr Nom="Source" Sens="BnF catalogue général (depuis 1999)">A</Attr>
<Attr Nom="NumAutoriteLiee">13896652</Attr>
<Attr Nom="DateCreation">21/08/ 1989</Attr>
<Attr Nom="ResponsableCreation">MIGV2</Attr>
<Attr Nom="StructCreation">1</Attr>
<Attr Nom="DateDerniereValidation">17/07/ 2014</Attr>
<Attr Nom="ResponsableDerniereValidation">PONCET ANNE-MARIE</Attr>
<Attr Nom="StructPremiereValidation">1</Attr>
<Attr Nom="DatePremiereValidation">21/08/ 1989</Attr>
<Attr Nom="ResponsablePremiereValidation">MIGV2</Attr>
<Attr Nom="StructDerniereValidation">62</Attr>
<Attr Nom="NumSource">OPP 13970646</Attr>
</record>
